<?xml version="1.0" encoding="UTF-8"?>
<collection xmlns:xsi="http://www.w3.org/2001/XMLSchema-instance" xsi:schemaLocation="http://www.loc.gov/MARC21/slim http://www.loc.gov/standards/marcxml/schema/MARC21slim.xsd" xmlns="http://www.loc.gov/MARC21/slim">
<record>
  <leader>01070cam a2200265Ki 4500</leader>
  <controlfield tag="001">5301365</controlfield>
  <controlfield tag="003">NNC</controlfield>
  <controlfield tag="005">20160718182438.0</controlfield>
  <controlfield tag="008">050429s1938    le       b    001 0 ara d</controlfield>
  <datafield tag="035" ind1=" " ind2=" ">
    <subfield code="a">(OCoLC)60467458</subfield>
  </datafield>
  <datafield tag="035" ind1=" " ind2=" ">
    <subfield code="a">(OCoLC)ocm60467458</subfield>
  </datafield>
  <datafield tag="035" ind1=" " ind2=" ">
    <subfield code="a">(NNC)5301365</subfield>
  </datafield>
  <datafield tag="040" ind1=" " ind2=" ">
    <subfield code="a">NNC</subfield>
    <subfield code="c">NNC</subfield>
  </datafield>
  <datafield tag="100" ind1="1" ind2=" ">
    <subfield code="a">Ritsher, Walter Holmes,</subfield>
    <subfield code="d">1898-</subfield>
  </datafield>
  <datafield tag="240" ind1="1" ind2="0">
    <subfield code="a">Criteria of capacity for independence.</subfield>
    <subfield code="l">Arabic</subfield>
  </datafield>
  <datafield tag="245" ind1="1" ind2="0">
    <subfield code="a">Maqāyīs al-kafāʾah lil-istiqlāl,</subfield>
    <subfield code="c">taʾlīf Walter Holmes Ritscher.</subfield>
  </datafield>
  <datafield tag="260" ind1=" " ind2=" ">
    <subfield code="a">Bayrūt :</subfield>
    <subfield code="b">al-Maṭbaʻah al-Amīrikānīyah,</subfield>
    <subfield code="c">1938.</subfield>
  </datafield>
  <datafield tag="300" ind1=" " ind2=" ">
    <subfield code="a">ii, 150 p. ;</subfield>
    <subfield code="c">25 cm.</subfield>
  </datafield>
  <datafield tag="490" ind1="1" ind2=" ">
    <subfield code="a">Jāmiʻat Bayrūt al-Amīrikīyah. Manshūrāt Kullīyat al-ʻUlūm wa-al-Ādāb. Silsilat al-ʻulūm al-ijtimāʻīyah.</subfield>
    <subfield code="v">al-ḥalqah al-8[a]</subfield>
  </datafield>
  <datafield tag="500" ind1=" " ind2=" ">
    <subfield code="a">Published also as thesis (Ph. D.), University of Chicago, 1934.</subfield>
  </datafield>
  <datafield tag="504" ind1=" " ind2=" ">
    <subfield code="a">Includes bibliographical references.</subfield>
  </datafield>
  <datafield tag="650" ind1=" " ind2="0">
    <subfield code="a">Mandates.</subfield>
  </datafield>
  <datafield tag="650" ind1=" " ind2="0">
    <subfield code="a">Political science.</subfield>
  </datafield>
  <datafield tag="830" ind1=" " ind2="0">
    <subfield code="a">Publications of the Faculty of Arts and Sciences.</subfield>
    <subfield code="p">Social science series ;</subfield>
    <subfield code="v">no. 8a.</subfield>
  </datafield>
  <datafield tag="955" ind1=" " ind2=" ">
    <subfield code="b">0315053229</subfield>
    <subfield code="d">glx</subfield>
    <subfield code="e">306 Am36 no.8a</subfield>
  </datafield>
</record>
</collection>